<?xml version="1.0" encoding="UTF-8"?><collection xmlns="http://www.loc.gov/MARC21/slim"><record><leader>00364nam--2200133-i-4500</leader><controlfield tag="001">000013202</controlfield><controlfield tag="002">20161230</controlfield><controlfield tag="005">20161230201030</controlfield><controlfield tag="008">060222s1000------------r-----000-0-eng-d</controlfield><datafield ind1=" " ind2=" " tag="080"><subfield code="a">621.3.049.77</subfield></datafield><datafield ind1=" " ind2=" " tag="100"><subfield code="a">Cirovic, Michael M</subfield></datafield><datafield ind1=" " ind2=" " tag="245"><subfield code="a">Integrated circuits.a user s handbook</subfield></datafield><datafield ind1=" " ind2=" " tag="260"><subfield code="a">Reston, Reston Publishing Company, Inc., 1977. Xii + 304 P</subfield></datafield><datafield ind1=" " ind2=" " tag="852"><subfield code="a">47958</subfield></datafield></record></collection>